@book{lindeberg2013_scale,
  title={Scale-space theory in computer vision},
  author={Lindeberg, Tony},
  volume={256},
  year={2013},
  publisher={Springer Science \& Business Media}
}

@article{law2009_efficient_implementation,
  title={Efficient implementation for spherical flux computation and its application to vascular segmentation},
  author={Law, Max WK and Chung, Albert CS},
  journal={IEEE transactions on image processing},
  volume={18},
  number={3},
  pages={596--612},
  year={2009},
  publisher={IEEE}
}


@article{Marcan2014_vessel_seg,
author = {Marija Marcan and Denis Pavliha and Maja Marolt Music and Igor Fuckan\
 and Ratko Magjarevic and Damijan Miklavcic},
doi = {doi:10.2478/raon-2014-0022},
url = {https://doi.org/10.2478/raon-2014-0022},
title = {Segmentation of hepatic vessels from MRI images for planning of electr\
oporation-based treatments in the liver},
journal = {Radiology and Oncology},
number = {3},
volume = {48},
year = {2014},
pages = {267--281}
}

@article{Goceri2017_vessel,
  title={Vessel segmentation from abdominal magnetic resonance images: adaptive and reconstructive approach},
  author={Goceri, Evgin and Shah, Zarine K and Gurcan, Metin N},
  journal={International journal for numerical methods in biomedical engineering},
  volume={33},
  number={4},
  pages={e2811},
  year={2017},
  publisher={Wiley Online Library}
}